<record><leader>00000cas a22000007a 4500</leader><controlfield tag="001">19784999</controlfield><controlfield tag="008">890530d19081919nduwr ne      0    0eng d</controlfield><datafield ind1=" " ind2=" " tag="010"><subfield code="a">sn 89074136 </subfield></datafield><datafield ind1=" " ind2=" " tag="040"><subfield code="a">NOP</subfield><subfield code="b">eng</subfield><subfield code="c">NOP</subfield><subfield code="d">OCLCQ</subfield></datafield><datafield ind1=" " ind2=" " tag="042"><subfield code="a">msc</subfield></datafield><datafield ind1="0" ind2=" " tag="130"><subfield code="a">Dunn County news (Manning, N.D.)</subfield></datafield><datafield ind1="1" ind2="0" tag="245"><subfield code="a">Dunn County news.</subfield></datafield><datafield ind1=" " ind2=" " tag="260"><subfield code="a">[Manning], Dunn County, N.D. :</subfield><subfield code="b">M.L. Ayers</subfield></datafield><datafield ind1=" " ind2=" " tag="300"><subfield code="a">v. :</subfield><subfield code="b">ill. ;</subfield><subfield code="c">55 cm.</subfield></datafield><datafield ind1=" " ind2=" " tag="310"><subfield code="a">Weekly</subfield></datafield><datafield ind1="0" ind2=" " tag="362"><subfield code="a">Vol. 1, no. 1 (Jan. 23, 1908)-</subfield></datafield><datafield ind1="1" ind2=" " tag="362"><subfield code="a">Ceased June 19, 1919?</subfield></datafield><datafield ind1=" " ind2=" " tag="500"><subfield code="a">"Official paper of Dunn County," 1908-1918.</subfield></datafield><datafield ind1=" " ind2=" " tag="530"><subfield code="a">Available on microfilm from the State Historical Society of North Dakota.</subfield></datafield><datafield ind1=" " ind2=" " tag="752"><subfield code="a">United States</subfield><subfield code="b">North Dakota</subfield><subfield code="c">Dunn</subfield><subfield code="d">Manning.</subfield></datafield><datafield ind1="1" ind2=" " tag="029"><subfield code="a">AU@</subfield><subfield code="b">000025871784</subfield></datafield></record>